@article{nicolatilli_norm,
	title={The norm of time-frequency localization operators},
	author={Nicola, F. and Tilli, P.},
	journal={Transactions of the American Mathematical Society (to appear)},
	year={2022}
}

@article{nicolatilli_fk,
	title={The Faber--Krahn inequality for the short-time Fourier transform},
	author={Nicola, F. and Tilli, P.},
	journal={Inventiones mathematicae},
	volume={230},
	number={1},
	pages={1--30},
	year={2022},
	publisher={Springer}
}

@article{daubechies,
	title={Time-frequency localization operators: a geometric phase space approach},
	author={Daubechies, I.},
	journal={IEEE Transactions on Information Theory},
	volume={34},
	number={4},
	pages={605--612},
	year={1988},
	publisher={IEEE}
}

@book{grochenig,
	title={Foundations of time-frequency analysis},
	author={Gr{\"o}chenig, K.},
	year={2001},
	publisher={Springer Science \& Business Media}
}

@book{liebloss,
	title={Analysis},
	author={Lieb, E. H. and Loss, M.},
	volume={14},
	year={2001},
	publisher={American Mathematical Soc.}
}

@book{hirsch,
	title={Differential topology},
	author={Hirsch, M. W.},
	volume={33},
	year={2012},
	publisher={Springer Science \& Business Media}
}

@book{rudin_principles,
	title={Principles of mathematical analysis},
	author={Rudin, W. and others},
	volume={3},
	year={1976},
	publisher={McGraw-hill New York}
}

@book{zhu,
	title={Analysis on Fock spaces},
	author={Zhu, K.},
	volume={263},
	year={2012},
	publisher={Springer Science \& Business Media}
}

@article{sard,
	title={The measure of the critical values of differentiable maps},
	author={Sard, A.},
	year={1942},
	volume={48},
	pages={883-890},
	journal={Bulletin of the American Mathematical Society}
}

@article{mityagin,
	title={The zero set of a real analytic function},
	author={Mityagin, B.},
	journal={arXiv preprint arXiv:1512.07276},
	year={2015}
}

@book{krantzparks_realanalytic,
	title={A primer of real analytic functions},
	author={Krantz, S. G. and Parks, H. R.},
	year={2002},
	publisher={Springer Science \& Business Media}
}

@book{krantzparks_git,
	title={Geometric integration theory},
	author={Krantz, S. G. and Parks, H. R.},
	year={2008},
	publisher={Springer Science \& Business Media}
}

@book{wong,
	title={Wavelet transforms and localization operators},
	author={Wong, M. W.},
	volume={136},
	year={2002},
	publisher={Springer Science \& Business Media}
}

@book{royden,
	title={Real analysis},
	author={Royden, H. L. and Fitzpatrick, P.},
	volume={32},
	year={1988},
	publisher={Macmillan New York}
}

@article{gabor,
	title={Theory of communication. Part 1: The analysis of information},
	author={Gabor, D.},
	journal={Journal of the Institution of Electrical Engineers-part III: radio and communication engineering},
	volume={93},
	number={26},
	pages={429--441},
	year={1946},
	publisher={IET}
}

@book{reedsimon,
	title={I: Functional analysis},
	author={Reed, M. and Simon, B.},
	volume={1},
	year={1980},
	publisher={Gulf Professional Publishing}
}

@book{brezis,
	title={Functional analysis, Sobolev spaces and partial differential equations},
	author={Brezis, H.},
	volume={2},
	number={3},
	year={2011},
	publisher={Springer}
}

@book{conway,
	title={A course in functional analysis},
	author={Conway, J. B.},
	volume={96},
	year={2019},
	publisher={Springer}
}

@thesis{knutsen,
	title={Norms and eigenvalues of time-frequency localization operators},
	author={Knutsen, H.}
}

@article{folland_uncertainty,
	title={The uncertainty principle: a mathematical survey},
	author={Folland, G. B. and Sitaram, A.},
	journal={Journal of Fourier analysis and applications},
	volume={3},
	pages={207--238},
	year={1997},
	publisher={Springer}
}

@book{grafakos,
	title={Classical Fourier analysis},
	author={Grafakos, L.},
	volume={2},
	year={2008},
	publisher={Springer}
}

@book{folland_harmonic,
	title={Harmonic analysis in phase space},
	author={Folland, G. B.},
	number={122},
	year={1989},
	publisher={Princeton university press}
}

@book{nicola_rodino,
	title={Global pseudo-differential calculus on Euclidean spaces},
	author={Nicola, F. and Rodino, L.},
	volume={4},
	year={2010},
	publisher={Springer}
}

@online{bell,
	title = {Trace class operators and Hilbert-Schmidt operators},
	author={Bell, J.},
	year={2016}
}

@book{hardy_littlewood_polya,
	title={Inequalities},
	author={Hardy, G. H., Littlewood, J. E. and P{\'o}lya, G.},
	year={1952},
	publisher={Cambridge University Press}
}

@article{lieb_integral,
	title={Integral bounds for radar ambiguity functions and Wigner distributions},
	author={Lieb, E. H.},
	journal={Journal of Mathematical Physics},
	volume={31},
	number={3},
	pages={594--599},
	year={1990},
	publisher={American Institute of Physics}
}

@article{lieb_entropy,
	title={Proof of an entropy conjecture of Wehrl},
	author={Lieb, E. H.},
	journal={Communications in Mathematical Physics},
	volume={62},
	number={1},
	pages={35--41},
	year={1978},
	publisher={Springer}
}

@article{prolate_I,
	title={Prolate spheroidal wave functions, Fourier analysis and uncertainty—I},
	author={Slepian, D. and Pollak, H. O.},
	journal={Bell System Technical Journal},
	volume={40},
	number={1},
	pages={43--63},
	year={1961},
	publisher={Wiley Online Library}
}

@article{prolate_II,
	title={Prolate spheroidal wave functions, Fourier analysis and uncertainty—II},
	author={Landau, H. J. and Pollak, H. O.},
	journal={Bell System Technical Journal},
	volume={40},
	number={1},
	pages={65--84},
	year={1961},
	publisher={Wiley Online Library}
}

@article{prolate_III,
	title={Prolate spheroidal wave functions, fourier analysis and uncertainty—III: the dimension of the space of essentially time-and band-limited signals},
	author={Landau, H. J. and Pollak, H. O.},
	journal={Bell System Technical Journal},
	volume={41},
	number={4},
	pages={1295--1336},
	year={1962},
	publisher={Wiley Online Library}
}

@article{prolate_IV,
	title={Prolate spheroidal wave functions, Fourier analysis and uncertainty—IV: extensions to many dimensions; generalized prolate spheroidal functions},
	author={Slepian, D.},
	journal={Bell System Technical Journal},
	volume={43},
	number={6},
	pages={3009--3057},
	year={1964},
	publisher={Wiley Online Library}
}

@article{heisenberg,
	title = {\"Uber den anschaulichen Inhalt der quantentheoretischen Kinematik und Mechanik},
	author={Heisenberg, W.},
	journal = {Zeitschrift f\"ur Physik},
	volume= {43},
	page = {172--168},
	year = {1927}
}

@inproceedings {de_bruijn,
	AUTHOR = {de Bruijn, N. G.},
	TITLE = {Uncertainty principles in {F}ourier analysis},
	BOOKTITLE = {Inequalities ({P}roc. {S}ympos. {W}right-{P}atterson {A}ir
	{F}orce {B}ase, {O}hio, 1965)},
	PAGES = {57--71},
	PUBLISHER = {Academic Press, New York},
	YEAR = {1967},
	MRCLASS = {42.15},
	MRNUMBER = {0219977},
	MRREVIEWER = {R. R. Goldberg},
}


