@article{nicola_tilli_norm,
	title={The norm of time-frequency localization operators},
	author={Nicola, F. and Tilli, P.},
	journal={Transactions of the American Mathematical Society (to appear)},
	year={2023}
}

@article{nicola_tilli_fk,
	title={The Faber--Krahn inequality for the short-time Fourier transform},
	author={Nicola, F. and Tilli, P.},
	journal={Inventiones mathematicae},
	volume={230},
	number={1},
	pages={1--30},
	year={2022},
	publisher={Springer}
}

@article{daubechies,
	title={Time-frequency localization operators: a geometric phase space approach},
	author={Daubechies, I.},
	journal={IEEE Transactions on Information Theory},
	volume={34},
	number={4},
	pages={605--612},
	year={1988},
	publisher={IEEE}
}

@article{lieb_entropy,
	title={Proof of an entropy conjecture of Wehrl},
	author={Lieb, E. H.},
	journal={Communications in Mathematical Physics},
	volume={62},
	number={1},
	pages={35--41},
	year={1978},
	publisher={Springer}
}

@article{kulikov2022functionals,
	title={Functionals with extrema at reproducing kernels},
	author={Kulikov, A.},
	journal={Geometric and Functional Analysis},
	volume={32},
	number={4},
	pages={938--949},
	year={2022},
	publisher={Springer}
}

@article{frank2023sharp,
	title={Sharp inequalities for coherent states and their optimizers},
	author={Frank, R. L.},
	journal={Advanced Nonlinear Studies},
	volume={23},
	number={1},
	pages={20220050},
	year={2023},
	publisher={De Gruyter}
}

