@misc{ercof,
	author = {Rodi W.},
	title = {{Flow Past Cylinder, test case UFR 2-02}},
	howpublished = "\url{https://www.kbwiki.ercoftac.org/w/index.php/Abstr:F}",
	year = {2004}, 
	note = "[Online; accessed 19-July-2008]"
}

@article{bearman:1982,
	title={An experimental study of pressure fluctuations on
		fixed and oscillating square-section cylinders},
	author={P.W., Bearman and E.D., Obasaju},
	journal={J Fluid Mech},
	volume={119},
	pages={297--321},
	year={1982},
	doi={http://dx.doi.org/10.1017/s0022112082001360}
}

@article{lee:1975,
	title={The effect of turbulence on the surface pressure field of a square prism},
	author={Lee B.E.},
	journal={J Fluid Mech},
	volume={69},
	pages={263--282},
	year={1975},
	doi={http://dx.doi.org/10.1017/s0022112075001437}
}

@article{pocha:1971,
	title={On unsteady flow past cylinders of square cross-section},
	author={Pocha J.J.},
	journal={Ph.D. Thesis},
	year={1971}
}

@article{trias3DDns:2015,
	title={Turbulent flow around a square cylinder at
		Reynolds number 22000: a DNS study},
	author={Trias F.X. and Gorobets A. and Oliva A.},
	journal={Computers \& Fluids},
	volume={123},
	pages={87--98},
	year={2015},
	doi={http://dx.doi.org/10.1016/j.compfluid.2015.09.013}
}

@article{othsuki:1978,
	title={Wind tunnel experiments on aerodynamic
		forces and pressure distributions of rectangular cylinders in a uniform flow},
	author={Otsuki Y. and Fuji K. and Washizu K. and Ohya A.},
	journal={Proceedings of the fifth symposium on wind effects on structures},
	pages={169--176},
	year={1978},
}

@article{murakami3DLes:1995,
	title={On turbulent vortex shedding past 2D square cylinder
		predicted by CFD},
	author={Murakami W. and Mochida A.},
	journal={J Wind Eng Ind Aerodyn},
	volume={54-55},
	pages={191--211},
	year={1995},
	doi={http://dx.doi.
		org/10.1016/0167-6105(94)00043-D}
}

@article{lyn:1994,
	title={The flapping shear layer formed by flow separation from
		the forward corner of a square cylinder},
	author={Lyn D.A. and Rodi W.},
	journal={J Fluid Mech},
	volume={267},
	pages={353--376},
	year={1994},
	doi={http://dx.doi.org/10.1017/s0022112094001217}
}

@article{bruno:2022,
	title = {Effects of cell quality in grid boundary layer on the simulated flow around a square cylinder},
	author = {Bruno L. and Oberto D.},
	journal = {Computers \& Fluids},
	volume = {238},
	pages = {105--351},
	year = {2022},
	doi = {https://doi.org/10.1016/j.compfluid.2022.105351},
}

@article{sakamoto:1989,
	title = {Fluctuating forces acting on rectangular
		cylinders in uniform flow},
	author = {Sakamoto H. and Haniu, H. and Kobayashi Y.},
	journal = {JSME Ser. B.},
	volume = {55},
	pages = {2310--2317},
	year = {1989},
	doi = {https://doi.org/10.1299/kikaib.55.2310},
}

@article{durao:1988,
	title = {Measurements of turbulent and periodic flows around a square cross-section cylinder},
	author = {Dur√£o D.F.G. and Heitor M.V. and Pereira J.C.F.},
	journal = {Experiments in Fluids},
	volume = {6},
	pages = {298--304},
	year = {1988},
	doi = {https://doi.org/10.1007/BF00538820},
}